% Encoding: UTF-8

@Thesis{Khadim2021,
  author      = {Hussein J. Khadim and Faik K. Obaed and Ziad T. Abd Ali},
  date        = {2021-11-22},
  institution = {University of Baghdad},
  title       = {Application of MQ-Sensors to Indoor Air Quality Monitoring in Lab based on IoT},
}

@Article{Sercu2023,
  author       = {Sercu, Jonathan},
  date         = {2023-05-08},
  journaltitle = {Crodeon Technologies},
  title        = {CO2 vergiftiging en verstikking bij varkens},
  url          = {https://www.crodeon.com/nl/blogs/news/co2-poisoning-in-swine-and-other-kinds-of-pig-suffocation},
}

@Article{Wolf2013,
  author       = {van der Wolf, Peter and Counotte, Guillaume and Onis, Eva},
  date         = {2013-06},
  journaltitle = {GD Varken},
  title        = {Het gevaar van stalgassen},
  issue        = {70},
  pages        = {8-11},
  url          = {https://issuu.com/gezondheidsdienstvoordieren/docs/gdva70_def/8},
}

 
@InProceedings{Vijayalakshmi2019,
  author    = {Vijayalakshmi, J and Puthilibhai, G and Siddarth, S.R.Leoram},
  booktitle = {2019 Third International conference on I-SMAC (IoT in Social, Mobile, Analytics and Cloud) (I-SMAC)},
  date      = {2019-12},
  title     = {Implementation of Ammonia Gas Leakage Detection; Monitoring System using Internet of Things},
  doi       = {10.1109/i-smac47947.2019.9032577},
  publisher = {IEEE},
}

@Online{Warzocha,
  author = {Warzocha, Ernest},
  title  = {Involt website},
  url    = {https://involt.github.io/},
}

@Report{Gorakhpur2020,
  author = {Gorakhpur, Nielit},
  date   = {2020-04-13},
  title  = {MQ135 interfacing with Arduino},
  type   = {techreport},
}

@Article{Soloupis2022,
  author       = {Soloupis, George},
  date         = {2022-04-23},
  journaltitle = {Medium},
  title        = {MQ-2, MQ-3, MQ-4, MQ-135, MQ-6, MQ-7, MQ-8, MQ-9 air sensors combined together in a Raspberry project.},
  url          = {https://farmaker47.medium.com/mq-2-mq-3-mq-4-mq-135-mq-6-mq-7-mq-8-mq-9-air-sensors-combined-together-in-a-raspberry-b4523540f63d},
}

@Thesis{Chanthakit2018,
  author      = {Chanthakit, Somphop and Rattanapoka, Choopan},
  date        = {2018-05},
  institution = {King Mongkut’s University of Technology North Bangkok},
  title       = {MQTT Based Air Quality Monitoring System using NodeMCU and Node-RED},
}

@Article{Rani2020,
  author       = {Rani, Shola Usha and Rajarajeswari, S and George Jaimon, Jerry and Roshanravichandran, Roshan},
  date         = {2020},
  journaltitle = {Journal of Critical Reviews},
  title        = {Real-time air quality monitoring system using mq135 and thingsboard},
  issn         = {2394-5125},
  issue        = {18},
  volume       = {7},
}

@Article{Rijksinstituut2020,
  author       = {Rijksinstituut},
  date         = {2020-10},
  journaltitle = {Rijksinstituut voor Volksgezondheid en Milieu},
  title        = {Stikstof - Ammoniak (NH₃)},
  url          = {https://www.rivm.nl/stikstof/ammoniak},
}

@Article{Pahare2019,
  author       = {Pahare, Prachi and Jain, Preet},
  date         = {2019-07},
  journaltitle = {International Journal for Research in Engineering Application and Management (IJREAM)},
  title        = {Study of reliability of electrochemical sensor MQ-135 and MQ-137 in concern of ammonia gas in male urinals implemented on IOT based system},
  issue        = {4},
  url          = {https://ijream.org/papers/IJREAMV05I0452032.pdf},
  volume       = {5},
}

@Thesis{Klooster1993,
  author      = {van't Klooster, Kees},
  date        = {1993},
  institution = {Wageningen University and Research},
  title       = {Welke gassen zitten in stallucht?},
  url         = {https://edepot.wur.nl/48444},
}

@Online{Centraal2020,
  author = {Milieu Centraal},
  date   = {2020},
  title  = {Stikstof},
  url    = {https://www.milieucentraal.nl/klimaat-en-aarde/milieuproblemen/stikstof-in-de-lucht-en-bodem},
}

@Online{Bol2020,
  author = {Bol, Jan Willem},
  date   = {2020-06},
  title  = {Dossier Stikstof},
  url    = {https://www.wur.nl/nl/en/onderzoek-resultaten/dossiers/dossier/stikstof-1.htm},
}

@Article{Heesbeen2021,
  author       = {van Heesbeen, Marly},
  date         = {2021},
  journaltitle = {De Varkenspraktijk},
  title        = {Het gevaar van gassen uit de mestput},
  url          = {https://www.devarkenspraktijk.nl/het-gevaar-van-gassen-uit-de-mestput-2/},
}

@Article{arbo2021,
  date         = {2021-05-01},
  journaltitle = {Sociaal Economische Raad},
  title        = {Arbeidsomstandighedenwet},
  url          = {https://www.ser.nl/nl/thema/arbeidsomstandigheden/arbo},
}

@Article{PGS2014,
  author       = {PGS},
  date         = {2014-04},
  journaltitle = {Publicatiereeks Gevaarlijke Stoffen},
  title        = {Ammoniak: opslag en verlading},
  pages        = {16},
  volume       = {12},
}

@Article{KMI2024,
  author       = {KMI},
  date         = {2024},
  journaltitle = {Koninklijk Meteorologisch Instituut van België},
  title        = {De Atmosfeer},
  url          = {https://www.meteo.be/nl/info/weerwoorden/atmosfeer},
}

 
@Article{Jacobson2019,
  author       = {Jacobson, Tyler A. and Kler, Jasdeep S. and Hernke, Michael T. and Braun, Rudolf K. and Meyer, Keith C. and Funk, William E.},
  date         = {2019-07},
  journaltitle = {Nature Sustainability},
  title        = {Direct human health risks of increased atmospheric carbon dioxide},
  doi          = {10.1038/s41893-019-0323-1},
  issn         = {2398-9629},
  number       = {8},
  pages        = {691--701},
  volume       = {2},
  publisher    = {Springer Science and Business Media LLC},
}

@Article{Kiwa2024,
  date         = {2024},
  journaltitle = {Kiwa},
  title        = {Koolstofmonoxide},
  url          = {https://www.kiwa.com/nl/nl/markten/energie-en-energiemanagement/technology/gastec-on-site/koolmonoxide/},
}

 
@Book{IUPAC2019,
  date      = {2019},
  title     = {The IUPAC Compendium of Chemical Terminology},
  doi       = {10.1351/goldbook.c00876},
  publisher = {International Union of Pure and Applied Chemistry (IUPAC)},
}

@Article{CCGS2005,
  date         = {2005-01-19},
  journaltitle = {Hazardous Gas Monitors},
  title        = {Catalytic Combustible Gas Sensors},
  url          = {https://web.archive.org/web/20141110023516/http://intlsensor.com/pdf/catalyticbead.pdf},
}

@Article{review2014,
  author       = {Yunusa, Zainab and Hamidon, Mohd. Nizar and Kaiser, Ahsanul and Awang, Zaiki},
  date         = {2014-04-30},
  journaltitle = {Sensors and Transducers},
  title        = {Gas Sensors: A Review},
  issue        = {4},
  pages        = {61-75},
  url          = {http://www.sensorsportal.com},
  volume       = {168},
}

@Article{gastec2016,
  date         = {2016},
  journaltitle = {GASTEC Corporation},
  title        = {Catalytic combustion sensors},
  url          = {https://www.gastec.co.jp/en/product/detail/id=2205},
}

@Article{gvda2023,
  date         = {2023-08-19},
  journaltitle = {Shenzhen GVDA Technologie},
  title        = {Subtract the types of gas sensors used in the safety field},
  url          = {https://nl.gvda-instrument.com/info/subtract-the-types-of-gas-sensors-used-in-the-87182523.html},
}

 
@Article{MajderLopatka2018,
  author       = {Majder-Łopatka, Małgorzata},
  date         = {2018},
  journaltitle = {MATEC Web of Conferences},
  title        = {Effects of interfering gases in electrochemical sensors NH3 and NO2},
  doi          = {10.1051/matecconf/201824700023},
  editor       = {Rogula-Kozłowska, W. and Walczak, A. and Polańczyk, A.},
  issn         = {2261-236X},
  pages        = {00023},
  volume       = {247},
  publisher    = {EDP Sciences},
}

@Article{Senseair2018,
  author       = {Senseair},
  date         = {2018},
  journaltitle = {Asahi Kasei Microdevices},
  title        = {Types and Characteristics of Gas Sensors},
  url          = {https://www.akm.com/eu/en/products/co2-sensor/tutorial/types-mechanism/},
}

@Article{wiki2022,
  date         = {2022-09-10},
  journaltitle = {Wikipedia},
  title        = {Halfgeleider (vastestoffysica)},
  url          = {https://nl.wikipedia.org/wiki/Halfgeleider_(vastestoffysica)},
}

 
@Article{Nikolic2020,
  author       = {Nikolic, Maria Vesna and Milovanovic, Vladimir and Vasiljevic, Zorka Z. and Stamenkovic, Zoran},
  date         = {2020-11},
  journaltitle = {Sensors},
  title        = {Semiconductor Gas Sensors: Materials, Technology, Design, and Application},
  doi          = {10.3390/s20226694},
  issn         = {1424-8220},
  number       = {22},
  pages        = {6694},
  volume       = {20},
  publisher    = {MDPI AG},
}

@Article{akp2023,
  date         = {2023-06-18},
  journaltitle = {Arduino Kit Project},
  title        = {Interface MQ2 Gas/Smoke Sensor with Arduino},
  url          = {https://arduinokitproject.com/mq2-gas-senser-arduino-tutorial/},
}

@Manual{mq4,
  title        = {Technical Data MQ-4 Gas Sensor},
  organization = {HANWEI ELECTRONICS},
  url          = {https://www.sparkfun.com/datasheets/Sensors/Biometric/MQ-4.pdf},
}

@Article{dr2016,
  date         = {2024-03-24},
  journaltitle = {Wikipedia},
  title        = {Depletion region},
  url          = {https://en.wikipedia.org/wiki/Depletion_region},
}

 
@Article{Sakayo2019,
  author       = {Sakayo, Nicodemus M and Mutuku, Joseph N and Ngaruiya, James M},
  date         = {2019-05},
  journaltitle = {International Journal of Applied Physics},
  title        = {Design and Calibration of a Microcontroller Based MQ-4 Gas Sensor for Domestic Cooking Gas System},
  doi          = {10.14445/23500301/ijap-v6i2p106},
  issn         = {2350-0301},
  number       = {2},
  pages        = {31--40},
  volume       = {6},
  publisher    = {Seventh Sense Research Group Journals},
}

 
@Article{Khodadadi2001,
  author       = {Khodadadi, A and Mohajerzadeh, S.S and Mortazavi, Y and Miri, A.M},
  date         = {2001-12},
  journaltitle = {Sensors and Actuators B: Chemical},
  title        = {Cerium oxide/SnO2-based semiconductor gas sensors with improved sensitivity to CO},
  doi          = {10.1016/s0925-4005(01)00915-7},
  issn         = {0925-4005},
  number       = {3},
  pages        = {267--271},
  volume       = {80},
  publisher    = {Elsevier BV},
}

@Manual{mq7,
  title        = {Technical Data MQ-7 Gas Sensor},
  organization = {HANWEI ELECTRONICS},
  url          = {https://www.sparkfun.com/datasheets/Sensors/Biometric/MQ-7.pdf},
}

@Manual{mq135,
  title        = {Technical Data MQ-135 Gas Sensor},
  organization = {HANWEI ELECTRONICS},
  url          = {https://www.electronicoscaldas.com/datasheet/MQ-135_Hanwei.pdf},
}

 
@Article{VidalPardo2018,
  author       = {Vidal-Pardo, Antonio and Pindado, Santiago},
  date         = {2018-07},
  journaltitle = {Sensors},
  title        = {Design and Development of a 5-Channel Arduino-Based Data Acquisition System (ABDAS) for Experimental Aerodynamics Research},
  doi          = {10.3390/s18072382},
  issn         = {1424-8220},
  number       = {7},
  pages        = {2382},
  volume       = {18},
  publisher    = {MDPI AG},
}

@Article{Bales2023,
  author       = {Bales, Rebecca},
  date         = {2023-07-28},
  journaltitle = {History-Computer},
  title        = {The Complete History of the Modem},
  url          = {https://history-computer.com/technology/modem-complete-history-of-the-modem/},
}

@Manual{Teltonika,
  author = {Teltonika},
  title  = {AT Commands Manual},
}

@Software{Rohatgi2024,
  author  = {Rohatgi, Ankit},
  title   = {WebPlotDigitizer},
  url     = {https://automeris.io/WebPlotDigitizer.html},
  version = {4.7},
  year    = {2024},
}

@Article{loglog2024,
  date         = {2024-04-15},
  journaltitle = {Wikipedia},
  title        = {Log–log plot},
  url          = {https://en.wikipedia.org/wiki/Log–log_plot},
}

@Article{ohm2024,
  date         = {2024-04-15},
  journaltitle = {Wikipedia},
  title        = {Wet van Ohm},
  url          = {https://nl.wikipedia.org/wiki/Wet_van_Ohm},
}

@Article{Cornelius2022,
  author       = {Cornelius},
  date         = {2022-12-31},
  journaltitle = {One Transistor},
  title        = {Compute ppm of MQ sensors from datasheet graphs},
  url          = {https://www.onetransistor.eu/2022/12/mq-sensors-compute-gas-ppm.html},
}

 
@Article{KumarSai2019,
  author       = {Kumar Sai, Kinnera Bharath and Mukherjee, Subhaditya and Parveen Sultana, H},
  date         = {2019},
  journaltitle = {Procedia Computer Science},
  title        = {Low Cost IoT Based Air Quality Monitoring Setup Using Arduino and MQ Series Sensors With Dataset Analysis},
  doi          = {10.1016/j.procs.2020.01.043},
  issn         = {1877-0509},
  pages        = {322--327},
  volume       = {165},
  publisher    = {Elsevier BV},
}

 
@InProceedings{Dorcea2018,
  author    = {Dorcea, Daniel and Hnatiuc, Mihaela and Lazar, Iulian},
  booktitle = {2018 IEEE 24th International Symposium for Design and Technology in Electronic Packaging​ (SIITME)},
  date      = {2018-10},
  title     = {Acquisition and Calibration Interface for Gas Sensors},
  doi       = {10.1109/siitme.2018.8599253},
  publisher = {IEEE},
}

@Article{jaycon2023,
  date         = {2023-09-28},
  journaltitle = {Jaycon},
  title        = {Understanding a Gas Sensor},
  url          = {https://www.jaycon.com/understanding-a-gas-sensor/},
}

@Online{RapidTables,
  author = {RapidTables},
  title  = {Logarithm Rules},
  url    = {https://www.rapidtables.com/math/algebra/Logarithm.html},
}

@Article{Ibrahim2022,
  author       = {Abeer K. Ibrahim and Abdulsttar M. Khidher},
  date         = {2022-02-02},
  journaltitle = {Copyrights @Kalahari Journals Vol.7 No.2 (February, 2022)International Journal of Mechanical Engineering3165ISSN: 0974-5823 Vol. 7 No. 2 February, 2022International Journal of Mechanical Engineering},
  title        = {Compensation of Inherent Errors in Arduino and ESP System for various sensor reading},
  issn         = {0974-5823},
  volume       = {7},
}

@Article{Gironi2014,
  author       = {Davide Gironi},
  date         = {2014-01-25},
  journaltitle = {davidegironi blogspot},
  title        = {Cheap CO2 meter using the MQ135 sensor with AVR ATmega},
  url          = {https://davidegironi.blogspot.com/2014/01/cheap-co2-meter-using-mq135-sensor-with.html},
}

@Article{Gironi2017,
  author       = {Davide Gironi},
  date         = {2017-05-01},
  journaltitle = {davidegironi blogspot},
  title        = {MQ gas sensor correlation function estimation by datasheet},
  url          = {https://davidegironi.blogspot.com/2017/05/mq-gas-sensor-correlation-function.html},
}

@Article{Kalra2016,
  author       = {Kalra, Vandana and Baweja, Chaitanya and Dr. Simmarpreet and Chopra, Supriya},
  date         = {2016-04},
  journaltitle = {International Journal of Advanced Research in Computer Science and Software Engineering},
  title        = {Influence of Temperature and Humidity on the Output Resistance Ratio of the MQ-135 Sensor},
  issn         = {2277-128X},
  issue        = {4},
  volume       = {6},
}

 
@Article{Kobbekaduwa2021,
  author       = {Kobbekaduwa, Nisal and W.R. de Mel and Oruthota, Pahan},
  date         = {2021-09},
  journaltitle = {Advances in Technology},
  title        = {Calibration and Implementation of Heat Cycle Requirement of MQ-7 Semiconductor Sensor for Detection of Carbon Monoxide Concentrations},
  doi          = {10.31357/ait.v1i2.5068},
  issn         = {2773-7098},
  pages        = {377--392},
  publisher    = {University of Sri Jayewardenepura},
}

@Manual{Liu,
  author       = {Thomas Liu},
  title        = {Digital-output relative humidity and temperature sensor/module DHT22},
  organization = {Aosong Electronics Co.,Ltd},
}

@Article{Cornelius2023,
  author       = {Cornelius},
  date         = {2023-01-14},
  journaltitle = {One Transistor},
  title        = {Influence of temperature and humidity on MQ gas sensors},
  url          = {https://www.onetransistor.eu/2023/01/mq-sensors-temperature-humidity.html?sc=1714397191169#c3436257572349369383},
}

@Article{Gironi20172,
  author       = {Davide Gironi},
  date         = {2017-07-02},
  journaltitle = {davidegironi blogspot},
  title        = {MQ gas sensor correlation function against temperature and humidity},
  url          = {https://davidegironi.blogspot.com/2017/07/mq-gas-sensor-correlation-function.html},
}

@Article{Sukhdev2022,
  author       = {Kizhakkumbadan Sukhdev and Peringot Harinarayanan and Ulayil Sajesh Kumar and Padiillam Baburaj},
  date         = {2022-06-27},
  journaltitle = {Sensors and Mater},
  title        = {A Simplified Model for Calculating the Dependence of Ambient Temperature and Relative Humidity on Commercial Metal Oxide Chemiresistive Gas Sensors},
  number       = {9},
  pages        = {3411-3427},
  volume       = {34},
}

@Article{lin2016,
  date         = {2024-03-29},
  journaltitle = {Wikipedia},
  title        = {Linear interpolation},
  url          = {https://en.wikipedia.org/wiki/Linear_interpolation},
}

@Software{MATLAB,
  author    = {The MathWorks Inc.},
  title     = {MATLAB version: 9.13.0 (R2022b)},
  url       = {https://www.mathworks.com},
  address   = {Natick, Massachusetts, United States},
  publisher = {The MathWorks Inc.},
  year      = {2022},
}

 
@Article{Stetter2008,
  author       = {Stetter, Joseph R. and Li, Jing},
  date         = {2008-01},
  journaltitle = {Chemical Reviews},
  title        = {Amperometric Gas SensorsA Review},
  doi          = {10.1021/cr0681039},
  issn         = {1520-6890},
  number       = {2},
  pages        = {352--366},
  volume       = {108},
  publisher    = {American Chemical Society (ACS)},
}

@InProceedings{li2010infrared,
  author       = {Li, Changqing and Yin, Zhenzhen},
  booktitle    = {Proc. of the Third International Symp. on Electronic Commerce and Security Workshops},
  title        = {Infrared gas sensor},
  organization = {Citeseer},
  pages        = {101--104},
  url          = {https://citeseerx.ist.psu.edu/document?repid=rep1&type=pdf&doi=56d7e1cf4045f8c13b43338ef93560e6bd385e83#page=115},
  year         = {2010},
}

@Online{Arduino,
  author  = {Arduino},
  date    = {2014},
  title   = {Arduino Mega 2560},
  url     = {https://www.arduino.cc/},
  urldate = {2024-04-16},
}

@Comment{jabref-meta: databaseType:biblatex;}
