% Encoding: UTF-8

@Article{Sercu2023,
  author       = {Sercu, Jonathan},
  date         = {2023-05-08},
  journaltitle = {Crodeon Technologies},
  title        = {CO2 vergiftiging en verstikking bij varkens},
  url          = {https://www.crodeon.com/nl/blogs/news/co2-poisoning-in-swine-and-other-kinds-of-pig-suffocation},
}

@Article{Wolf2013,
  author       = {van der Wolf, Peter and Counotte, Guillaume and Onis, Eva},
  date         = {2013-06},
  journaltitle = {GD Varken},
  title        = {Het gevaar van stalgassen},
  issue        = {70},
  pages        = {8-11},
  url          = {https://issuu.com/gezondheidsdienstvoordieren/docs/gdva70_def/8},
}

@Article{RSS2020,
  date         = {2020-10},
  journaltitle = {Rijksinstituut voor Volksgezondheid en Milieu},
  title        = {Stikstof - Ammoniak (NH₃)},
  url          = {https://www.rivm.nl/stikstof/ammoniak},
}

@Thesis{Klooster1993,
  author      = {van't Klooster, Kees},
  date        = {1993},
  institution = {Wageningen University \& Research},
  title       = {Welke gassen zitten in stallucht?},
  url         = {https://edepot.wur.nl/48444},
}

@Article{RC2022,
  date         = {2022-09-08},
  journaltitle = {RoboCraze},
  title        = {All About MQ Series Gas Sensor},
  url          = {https://robocraze.com/blogs/post/mq-series-gas-sensor},
}

@Report{Gorakhpur2020,
  author = {Gorakhpur, Nielit},
  date   = {2020-04-13},
  title  = {MQ135 interfacing with Arduino},
  type   = {techreport},
}

 
@InProceedings{Vijayalakshmi2019,
  author    = {Vijayalakshmi, J and Puthilibhai, G and Siddarth, S.R.Leoram},
  booktitle = {2019 Third International conference on I-SMAC (IoT in Social, Mobile, Analytics and Cloud) (I-SMAC)},
  date      = {2019-12},
  title     = {Implementation of Ammonia Gas Leakage Detection \&amp; Monitoring System using Internet of Things},
  doi       = {10.1109/i-smac47947.2019.9032577},
  publisher = {IEEE},
}

@Article{Pahare2019,
  author       = {Pahare, Prachi and Jain, Preet},
  date         = {2019-07},
  journaltitle = {International Journal for Research in Engineering Application \& Management (IJREAM)},
  title        = {Study of reliability of electrochemical sensor MQ-135 and MQ-137 in concern of ammonia gas in male urinals implemented on IOT based system},
  issue        = {4},
  url          = {https://ijream.org/papers/IJREAMV05I0452032.pdf},
  volume       = {5},
}

@Article{Soloupis2022,
  author       = {Soloupis, George},
  date         = {2022-04-23},
  journaltitle = {Medium},
  title        = {MQ-2, MQ-3, MQ-4, MQ-135, MQ-6, MQ-7, MQ-8, MQ-9 air sensors combined together in a Raspberry project.},
  url          = {https://farmaker47.medium.com/mq-2-mq-3-mq-4-mq-135-mq-6-mq-7-mq-8-mq-9-air-sensors-combined-together-in-a-raspberry-b4523540f63d},
}

@Thesis{Khadim2021,
  author      = {Hussein J. Khadim and Faik K. Obaed and Ziad T. Abd Ali},
  date        = {2021-11-22},
  institution = {University of Baghdad},
  title       = {Application of MQ-Sensors to Indoor Air Quality Monitoring in Lab based on IoT},
}

@Thesis{Chanthakit2018,
  author      = {Chanthakit, Somphop and Rattanapoka, Choopan},
  date        = {2018-05},
  institution = {King Mongkut’s University of Technology North Bangkok},
  title       = {MQTT Based Air Quality Monitoring System using NodeMCU and Node-RED},
}

@Online{Involt,
  author = {Warzocha, Ernest},
  title  = {Involt website},
  url    = {https://involt.github.io/},
}

@Article{Rani2020,
  author       = {Rani, Shola Usha and Rajarajeswari, S and George Jaimon, Jerry and Roshanravichandran, Roshan},
  date         = {2020},
  journaltitle = {Journal of Critical Reviews},
  title        = {Real-time air quality monitoring system using mq135 and thingsboard},
  issn         = {2394-5125},
  issue        = {18},
  volume       = {7},
}

@Comment{jabref-meta: databaseType:biblatex;}
